@Unpublished{Gabler2020,
  Title  = {respy - A Framework for the Simulation and Estimation of
            Eckstein-Keane-Wolpin Models.},
  Author = {Janos Gabler and Tobias Raabe},
  Year   = {2020},
  Url    = {https://github.com/OpenSourceEconomics/respy},
}

@unpublished{GaudeckerEconProjectTemplates,
  author = {Hans-Martin von Gaudecker},
  note   = {\url{https://doi.org/10.5281/zenodo.2533241}},
  title  = {Templates for Reproducible Research Projects in Economics},
  year   = {2019}
}

@article{keane1994,
  title={The career decisions of young men},
  author={Keane, Michael P and Wolpin, Kenneth I},
  journal={Journal of political Economy},
  volume={105},
  number={3},
  pages={473--522},
  year={1994},
  publisher={The University of Chicago Press}
}


@article{klinger2018,
  title     = {pyABC: distributed, likelihood-free inference},
  author    = {Klinger, Emmanuel and Rickert, Dennis and Hasenauer, Jan},
  journal   = {Bioinformatics},
  volume    = {34},
  number    = {20},
  pages     = {3591--3593},
  year      = {2018},
  publisher = {Oxford University Press}
}


